<record><leader>00000cas a22000007a 4500</leader><controlfield tag="001">12625832</controlfield><controlfield tag="008">851002d18981903wvuwr ne      0    0eng d</controlfield><datafield ind1=" " ind2=" " tag="010"><subfield code="a">sn 85059501 </subfield></datafield><datafield ind1=" " ind2=" " tag="040"><subfield code="a">WVC</subfield><subfield code="b">eng</subfield><subfield code="c">WVC</subfield><subfield code="d">OCL</subfield><subfield code="d">OCLCQ</subfield></datafield><datafield ind1=" " ind2=" " tag="042"><subfield code="a">msc</subfield></datafield><datafield ind1="0" ind2="0" tag="245"><subfield code="a">Belington courier-journal.</subfield></datafield><datafield ind1="1" ind2="7" tag="246"><subfield code="a">Courier-journal</subfield></datafield><datafield ind1=" " ind2=" " tag="260"><subfield code="a">Belington, W. Va. :</subfield><subfield code="b">Howard K. McCutcheon</subfield></datafield><datafield ind1=" " ind2=" " tag="300"><subfield code="a">v.</subfield></datafield><datafield ind1=" " ind2=" " tag="310"><subfield code="a">Weekly</subfield></datafield><datafield ind1="1" ind2=" " tag="362"><subfield code="a">Began in 1898?</subfield></datafield><datafield ind1="1" ind2=" " tag="362"><subfield code="a">Ceased in 1903?</subfield><subfield code="z">Cf. W. Va. Gazetteers.</subfield></datafield><datafield ind1=" " ind2=" " tag="588"><subfield code="a">Description based on: Vol. 4, no. 35 (Feb. 1, 1902).</subfield></datafield><datafield ind1=" " ind2=" " tag="752"><subfield code="a">United States</subfield><subfield code="b">West Virginia</subfield><subfield code="c">Barbour</subfield><subfield code="d">Belington.</subfield></datafield></record>